<record><leader>02073cam a2200505 i 4500</leader><controlfield tag="001">6807496</controlfield><controlfield tag="003">CaONFJC</controlfield><controlfield tag="005">20150216060543.0</controlfield><controlfield tag="006">m     o  d        </controlfield><controlfield tag="007">cr cnu---unuuu</controlfield><controlfield tag="008">141227s2015    enk     ob    001 0 eng d</controlfield><datafield ind1=" " ind2=" " tag="020"><subfield code="a">1138017604</subfield></datafield><datafield ind1=" " ind2=" " tag="020"><subfield code="a">131770228X</subfield><subfield code="q">electronic bk.</subfield></datafield><datafield ind1=" " ind2=" " tag="020"><subfield code="a">9781138017603</subfield></datafield><datafield ind1=" " ind2=" " tag="020"><subfield code="a">9781317702283</subfield><subfield code="q">electronic bk.</subfield></datafield><datafield ind1=" " ind2=" " tag="020"><subfield code="a">9781322506166 (MyiLibrary)</subfield></datafield><datafield ind1=" " ind2=" " tag="037"><subfield code="a">681898</subfield><subfield code="b">MIL</subfield></datafield><datafield ind1=" " ind2=" " tag="039"><subfield code="a">exclude</subfield></datafield><datafield ind1=" " ind2=" " tag="040"><subfield code="a">CaONFJC</subfield><subfield code="c">CaONFJC</subfield><subfield code="e">rda</subfield><subfield code="d">AEU</subfield></datafield><datafield ind1=" " ind2="4" tag="050"><subfield code="a">QC903</subfield><subfield code="b">.A2427 2015eb</subfield></datafield><datafield ind1=" " ind2="7" tag="072"><subfield code="a">BUS</subfield><subfield code="x">032000</subfield><subfield code="2">bisacsh</subfield></datafield><datafield ind1=" " ind2="7" tag="072"><subfield code="a">SOC</subfield><subfield code="x">000000</subfield><subfield code="2">bisacsh</subfield></datafield><datafield ind1="0" ind2="4" tag="082"><subfield code="a">363.738/74561</subfield><subfield code="2">23</subfield></datafield><datafield ind1=" " ind2=" " tag="084"><subfield code="a">BUS072000</subfield><subfield code="a">POL044000</subfield><subfield code="2">bisacsh</subfield></datafield><datafield ind1=" " ind2=" " tag="090"><subfield code="a">Internet Access</subfield><subfield code="b">AEGMCT</subfield></datafield><datafield ind1="0" ind2="0" tag="245"><subfield code="a">Action research for climate change adaptation</subfield><subfield code="h">[electronic resource] :</subfield><subfield code="b">developing and applying knowledge for governance /</subfield><subfield code="c">edited by Arwin van Buuren, Jasper Eshuis and Mathijs van Vliet.</subfield></datafield><datafield ind1=" " ind2="1" tag="264"><subfield code="a">Abingdon, Oxon ;</subfield><subfield code="a">New York, NY :</subfield><subfield code="b">Routledge,</subfield><subfield code="c">2015.</subfield></datafield><datafield ind1=" " ind2=" " tag="300"><subfield code="a">1 online resource.</subfield></datafield><datafield ind1=" " ind2=" " tag="336"><subfield code="a">text</subfield><subfield code="b">txt</subfield><subfield code="2">rdacontent</subfield></datafield><datafield ind1=" " ind2=" " tag="337"><subfield code="a">computer</subfield><subfield code="b">c</subfield><subfield code="2">rdamedia</subfield></datafield><datafield ind1=" " ind2=" " tag="338"><subfield code="a">online resource</subfield><subfield code="b">cr</subfield><subfield code="2">rdacarrier</subfield></datafield><datafield ind1="1" ind2=" " tag="490"><subfield code="a">Routledge advances in climate change research</subfield></datafield><datafield ind1=" " ind2=" " tag="504"><subfield code="a">Includes bibliographical references and index.</subfield></datafield><datafield ind1=" " ind2=" " tag="506"><subfield code="a">Access restricted to authorized users and institutions.</subfield></datafield><datafield ind1="0" ind2=" " tag="588"><subfield code="a">Print version record.</subfield></datafield><datafield ind1=" " ind2=" " tag="596"><subfield code="a">57</subfield></datafield><datafield ind1=" " ind2="0" tag="650"><subfield code="a">Climate change mitigation</subfield><subfield code="v">Case studies.</subfield></datafield><datafield ind1=" " ind2="0" tag="650"><subfield code="a">Climatic changes</subfield><subfield code="x">Government policy</subfield><subfield code="v">Case studies.</subfield></datafield><datafield ind1="1" ind2=" " tag="700"><subfield code="a">Buuren, Arwin van,</subfield><subfield code="e">editor of compilation.</subfield></datafield><datafield ind1="1" ind2=" " tag="700"><subfield code="a">Eshuis, Jasper,</subfield><subfield code="d">1972-</subfield><subfield code="e">editor of compilation.</subfield></datafield><datafield ind1="1" ind2=" " tag="700"><subfield code="a">Vliet, Mathijs van,</subfield><subfield code="e">editor of compilation.</subfield></datafield><datafield ind1=" " ind2="0" tag="830"><subfield code="a">Routledge advances in climate change research.</subfield></datafield><datafield ind1="4" ind2="0" tag="856"><subfield code="3">MacEwan University Access</subfield><subfield code="u">http://lib.myilibrary.com/detail.asp?ID=681898</subfield><subfield code="z">(Single User Access)</subfield><subfield code="z">from MyiLibrary</subfield></datafield><datafield ind1=" " ind2=" " tag="949"><subfield code="h">UAIN</subfield><subfield code="m">GR_MAC_INT</subfield><subfield code="z">MILGMPSA</subfield></datafield><datafield ind1=" " ind2=" " tag="926"><subfield code="a">Internet Access</subfield><subfield code="w">ORDER</subfield><subfield code="c">1</subfield><subfield code="i">6807496-1001</subfield><subfield code="l">INTERNET</subfield><subfield code="m">GR_MAC_INT</subfield><subfield code="r">Y</subfield><subfield code="s">Y</subfield><subfield code="t">E-RESOURCE</subfield><subfield code="u">2/19/2015</subfield><subfield code="x">E-BOOK</subfield><subfield code="z">MILGMPSA</subfield></datafield></record>